<record><leader>00000cas a22000007a 4500</leader><controlfield tag="001">17931492</controlfield><controlfield tag="008">880510d188518uunyuwr ne      0    0eng d</controlfield><datafield ind1=" " ind2=" " tag="010"><subfield code="a">sn 88074211 </subfield></datafield><datafield ind1=" " ind2=" " tag="040"><subfield code="a">NYS</subfield><subfield code="b">eng</subfield><subfield code="c">NYS</subfield><subfield code="d">OCLCQ</subfield></datafield><datafield ind1=" " ind2=" " tag="042"><subfield code="a">msc</subfield></datafield><datafield ind1="0" ind2="0" tag="245"><subfield code="a">Granville Republican.</subfield></datafield><datafield ind1=" " ind2=" " tag="260"><subfield code="a">Granville, N.Y. :</subfield><subfield code="b">Henry S. Davis &amp; Son</subfield></datafield><datafield ind1=" " ind2=" " tag="300"><subfield code="a">v.</subfield></datafield><datafield ind1=" " ind2=" " tag="310"><subfield code="a">Weekly</subfield></datafield><datafield ind1="1" ind2=" " tag="362"><subfield code="a">Began in 1885.</subfield></datafield><datafield ind1=" " ind2=" " tag="588"><subfield code="a">Description based on: Vol. 2, no. 51 (June 17, 1887).</subfield></datafield><datafield ind1=" " ind2="4" tag="651"><subfield code="a">Granville (N.Y.)</subfield><subfield code="v">Newspapers.</subfield></datafield><datafield ind1=" " ind2=" " tag="752"><subfield code="a">United States</subfield><subfield code="b">New York</subfield><subfield code="c">Washington</subfield><subfield code="d">Granville.</subfield></datafield><datafield ind1="0" ind2="0" tag="785"><subfield code="t">Granville Republican, the farmers' advoceat</subfield><subfield code="w">(DLC)sn 88074209</subfield></datafield><datafield ind1="1" ind2=" " tag="029"><subfield code="a">AU@</subfield><subfield code="b">000020508259</subfield></datafield></record>